<record><leader>00000cas a2200000 i 4500</leader><controlfield tag="001">962759385</controlfield><controlfield tag="006">m     o  d        </controlfield><controlfield tag="007">cr |||||||||||</controlfield><controlfield tag="008">161116d19181973miuwr neo     0   a0eng  </controlfield><datafield ind1=" " ind2=" " tag="010"><subfield code="a">  2016271230</subfield></datafield><datafield ind1=" " ind2=" " tag="040"><subfield code="a">DLC</subfield><subfield code="b">eng</subfield><subfield code="e">rda</subfield><subfield code="c">DLC</subfield><subfield code="d">DLC</subfield></datafield><datafield ind1="0" ind2=" " tag="022"><subfield code="a">2475-0085</subfield><subfield code="2">1</subfield></datafield><datafield ind1=" " ind2=" " tag="042"><subfield code="a">pcc</subfield><subfield code="a">nsdp</subfield></datafield><datafield ind1=" " ind2=" " tag="043"><subfield code="a">n-us-mi</subfield></datafield><datafield ind1="1" ind2="0" tag="050"><subfield code="a">ISSN RECORD</subfield></datafield><datafield ind1="1" ind2="0" tag="082"><subfield code="a">071</subfield><subfield code="2">23</subfield></datafield><datafield ind1=" " ind2="4" tag="222"><subfield code="a">The Belding banner-news</subfield><subfield code="b">(Online)</subfield></datafield><datafield ind1="0" ind2="4" tag="245"><subfield code="a">The Belding banner-news.</subfield></datafield><datafield ind1=" " ind2="1" tag="264"><subfield code="a">Belding, Michigan :</subfield><subfield code="b">Banner Publishing Co.,</subfield><subfield code="c">1918-</subfield></datafield><datafield ind1=" " ind2=" " tag="300"><subfield code="a">1 online resource</subfield></datafield><datafield ind1=" " ind2=" " tag="310"><subfield code="a">Weekly</subfield></datafield><datafield ind1=" " ind2=" " tag="336"><subfield code="a">text</subfield><subfield code="b">txt</subfield><subfield code="2">rdacontent</subfield></datafield><datafield ind1=" " ind2=" " tag="337"><subfield code="a">computer</subfield><subfield code="b">c</subfield><subfield code="2">rdamedia</subfield></datafield><datafield ind1=" " ind2=" " tag="338"><subfield code="a">online resource</subfield><subfield code="b">cr</subfield><subfield code="2">rdacarrier</subfield></datafield><datafield ind1="1" ind2=" " tag="362"><subfield code="a">Began with 29th yr., no. 52 (May 22, 1918); ceased with May 31, 1973 issue.</subfield></datafield><datafield ind1=" " ind2=" " tag="500"><subfield code="a">Issue called: Centennial ed., Aug. 29, 1957.</subfield></datafield><datafield ind1=" " ind2=" " tag="580"><subfield code="a">Formed by the union of: Belding banner, and: Belding news.</subfield></datafield><datafield ind1=" " ind2=" " tag="588"><subfield code="a">Description based on: 29th Year, no. 52 (May 22, 1918); title from masthead (Chroniclingamerica.loc.gov, viewed November 16, 2016).</subfield></datafield><datafield ind1=" " ind2=" " tag="588"><subfield code="a">Latest issue consulted: 33rd Year, no. 46 (April 5, 1922) (Chroniclingamerica.loc.gov, viewed November 16, 2016).</subfield></datafield><datafield ind1=" " ind2="0" tag="651"><subfield code="a">Belding (Mich.)</subfield><subfield code="v">Newspapers.</subfield></datafield><datafield ind1=" " ind2="0" tag="651"><subfield code="a">Ionia County (Mich.)</subfield><subfield code="v">Newspapers.</subfield></datafield><datafield ind1=" " ind2="7" tag="651"><subfield code="a">Michigan</subfield><subfield code="z">Belding.</subfield><subfield code="2">fast</subfield><subfield code="0">(OCoLC)fst01219727</subfield></datafield><datafield ind1=" " ind2="7" tag="651"><subfield code="a">Michigan</subfield><subfield code="z">Ionia County.</subfield><subfield code="2">fast</subfield><subfield code="0">(OCoLC)fst01214778</subfield></datafield><datafield ind1=" " ind2="7" tag="655"><subfield code="a">Newspapers.</subfield><subfield code="2">fast</subfield><subfield code="0">(OCoLC)fst01423814</subfield></datafield><datafield ind1=" " ind2=" " tag="752"><subfield code="a">United States</subfield><subfield code="b">Michigan</subfield><subfield code="c">Ionia</subfield><subfield code="d">Belding.</subfield></datafield><datafield ind1="0" ind2="8" tag="776"><subfield code="i">Originally issued in print:</subfield><subfield code="t">Belding banner-news</subfield><subfield code="x">2475-0077</subfield><subfield code="w">(DLC)sn 96076642</subfield><subfield code="w">(OCoLC)34774136</subfield></datafield><datafield ind1="1" ind2="4" tag="780"><subfield code="t">Belding banner</subfield><subfield code="x">2475-0115</subfield><subfield code="w">(DLC)  2016271231</subfield><subfield code="w">(OCoLC)962764470</subfield></datafield><datafield ind1="1" ind2="4" tag="780"><subfield code="t">Belding news</subfield></datafield><datafield ind1="4" ind2="0" tag="856"><subfield code="u">http://chroniclingamerica.loc.gov/lccn/sn96076642/issues/</subfield></datafield></record>